@techreport{dwivedi2015introduction,
	author={Raaz Dwivedi and Riley Murray and Quico Spaen},
	title={An Introduction to Constraint Satisfaction Problems: Convex Relaxations and Approximation Algorithms},
	year={2015},
	institution={University of California Berkeley}
}

@inproceedings{raghavendra2008optimal,
  title={Optimal algorithms and inapproximability results for every CSP?},
  author={Raghavendra, Prasad},
  booktitle={Proceedings of the fortieth annual ACM symposium on Theory of computing},
  pages={245--254},
  year={2008},
  organization={ACM}
}

@article{yang2015sdpnal+,
  title={SDPNAL+: a majorized semismooth Newton-CG augmented Lagrangian method for semidefinite programming with nonnegative constraints},
  author={Yang, Liuqin and Sun, Defeng and Toh, Kim-Chuan},
  journal={Mathematical Programming Computation},
  volume={7},
  number={3},
  pages={331--366},
  year={2015},
  publisher={Springer}
}

@article{zhao2010newton,
  title={A Newton-CG augmented Lagrangian method for semidefinite programming},
  author={Zhao, Xin-Yuan and Sun, Defeng and Toh, Kim-Chuan},
  journal={SIAM Journal on Optimization},
  volume={20},
  number={4},
  pages={1737--1765},
  year={2010},
  publisher={SIAM}
}

@inproceedings{raghavendra2009round,
  title={How to round any CSP},
  author={Raghavendra, Prasad and Steurer, David},
  booktitle={Foundations of Computer Science, 2009. FOCS'09. 50th Annual IEEE Symposium on},
  pages={586--594},
  year={2009},
  organization={IEEE}
}